@article{knuth84,
  author = {Knuth, Donald E.},
  title = {Literate Programming},
  year = {1984},
  issue_date = {May 1984},
  publisher = {Oxford University Press, Inc.},
  address = {USA},
  volume = {27},
  number = {2},
  issn = {0010-4620},
  url = {https://doi.org/10.1093/comjnl/27.2.97},
  doi = {10.1093/comjnl/27.2.97},
  journal = {Comput. J.},
  month = may,
  pages = {97–111},
  numpages = {15}
}



@article{meyer2018,
	title = {Practical Tips for Ethical Data Sharing},
	author = {Meyer, Michelle N.},
	year = {2018},
	month = {03},
	date = {2018-03-01},
	journal = {Advances in Methods and Practices in Psychological Science},
	pages = {131--144},
	volume = {1},
	number = {1},
	doi = {10.1177/2515245917747656},
	url = {https://doi.org/10.1177/2515245917747656},
	note = {Publisher: SAGE Publications Inc}
}

@article{mckeown2013,
	title = {The Analogical Peacock Hypothesis: The Sexual Selection of Mind-Reading and Relational Cognition in Human Communication},
	author = {McKeown, Gary J.},
	year = {2013},
	month = {09},
	date = {2013-09},
	journal = {Review of General Psychology},
	pages = {267--287},
	volume = {17},
	number = {3},
	doi = {10.1037/a0032631},
	url = {http://journals.sagepub.com/doi/10.1037/a0032631},
	langid = {en}
}

@article{dupré2020,
	title = {A performance comparison of eight commercially available automatic classifiers for facial affect recognition},
	author = {{Dupré}, Damien and Krumhuber, Eva G. and {Küster}, Dennis and McKeown, Gary J.},
	editor = {{D{\textquoteright}Mello}, Sidney},
	year = {2020},
	month = {04},
	date = {2020-04-24},
	journal = {PLOS ONE},
	pages = {e0231968},
	volume = {15},
	number = {4},
	doi = {10.1371/journal.pone.0231968},
	url = {https://dx.plos.org/10.1371/journal.pone.0231968},
	langid = {en}
}
